<?xml version="1.0" encoding="UTF-8"?><collection xmlns="http://www.loc.gov/MARC21/slim"><record><leader>00327nam--2200133-i-4500</leader><controlfield tag="001">000020758</controlfield><controlfield tag="002">20161230</controlfield><controlfield tag="005">20161230201033</controlfield><controlfield tag="008">060222s1000------------r-----000-0-eng-d</controlfield><datafield ind1=" " ind2=" " tag="080"><subfield code="a">517(076)</subfield></datafield><datafield ind1=" " ind2=" " tag="100"><subfield code="a">N.Ia.Vilenkin /S.A.</subfield></datafield><datafield ind1=" " ind2=" " tag="245"><subfield code="a">Zadacinik po kursu matematiceskovo analiza</subfield></datafield><datafield ind1=" " ind2=" " tag="260"><subfield code="a">Moskva, 1971. 332 P</subfield></datafield><datafield ind1=" " ind2=" " tag="852"><subfield code="a">80674</subfield></datafield></record></collection>